<record><leader>00000cas a2200000 a 4500</leader><controlfield tag="001">12624662</controlfield><controlfield tag="008">851002d18831886ksuwr ne      0    0eng d</controlfield><datafield ind1=" " ind2=" " tag="010"><subfield code="a">sn 85032564 </subfield></datafield><datafield ind1=" " ind2=" " tag="040"><subfield code="a">KSH</subfield><subfield code="b">eng</subfield><subfield code="c">KSH</subfield><subfield code="d">NPT</subfield><subfield code="d">PPM</subfield><subfield code="d">OBN</subfield><subfield code="d">OCL</subfield><subfield code="d">OCLCQ</subfield></datafield><datafield ind1=" " ind2=" " tag="042"><subfield code="a">msc</subfield></datafield><datafield ind1="0" ind2=" " tag="130"><subfield code="a">Oklahoma war chief (Wichita, Kan.)</subfield></datafield><datafield ind1="1" ind2="0" tag="245"><subfield code="a">Oklahoma war chief.</subfield></datafield><datafield ind1="3" ind2="0" tag="246"><subfield code="a">Oklahoma chief</subfield></datafield><datafield ind1=" " ind2=" " tag="260"><subfield code="a">Wichita, Kan. :</subfield><subfield code="b">Harris, Watson and Co.</subfield></datafield><datafield ind1=" " ind2=" " tag="300"><subfield code="a">v.</subfield></datafield><datafield ind1=" " ind2=" " tag="310"><subfield code="a">Weekly</subfield></datafield><datafield ind1="0" ind2=" " tag="362"><subfield code="a">Vol. 1, no. 1 (Jan. 12, 1883)-v.4, no. 32 (Aug. 12, 1886).</subfield></datafield><datafield ind1=" " ind2=" " tag="500"><subfield code="a">Published as: Oklahoma chief, Apr. 26-May 3, 1884; Feb. 3-June 11, 1885.</subfield></datafield><datafield ind1=" " ind2=" " tag="500"><subfield code="a">Published in Geuda Springs, Kan. Mar. 23-July 19, 1883 and &lt;Aug. 30, 1884&gt;; in Rock Falls, Oklahoma Territory &lt;Apr. 26-May 3, 1884&gt;; in South Haven, Kan. &lt;Sept. 11&gt;-Dec. 4, 1884; in Arkansas City, Kan. &lt;May 4, 1884&gt; and Feb. 3-June 11, 1885; in Caldwell, Kan. June 18, 1885-Aug. 12, 1886.</subfield></datafield><datafield ind1=" " ind2=" " tag="500"><subfield code="a">"Official Organ of Payne's Oklahoma Colony."</subfield></datafield><datafield ind1=" " ind2=" " tag="515"><subfield code="a">Begins renumbering Vol. 1, no. 1 (June 12, 1883).</subfield></datafield><datafield ind1=" " ind2=" " tag="550"><subfield code="a">"Official organ of Payne's Oklahoma colony."</subfield></datafield><datafield ind1=" " ind2=" " tag="752"><subfield code="a">United States</subfield><subfield code="b">Oklahoma</subfield><subfield code="d">Rock Falls.</subfield></datafield><datafield ind1=" " ind2=" " tag="752"><subfield code="a">United States</subfield><subfield code="b">Kansas</subfield><subfield code="c">Sumner</subfield><subfield code="d">Caldwell.</subfield></datafield><datafield ind1=" " ind2=" " tag="752"><subfield code="a">United States</subfield><subfield code="b">Kansas</subfield><subfield code="c">Cowley</subfield><subfield code="d">Arkansas City.</subfield></datafield><datafield ind1=" " ind2=" " tag="752"><subfield code="a">United States</subfield><subfield code="b">Kansas</subfield><subfield code="c">Sumner</subfield><subfield code="d">South Haven.</subfield></datafield><datafield ind1=" " ind2=" " tag="752"><subfield code="a">United States</subfield><subfield code="b">Kansas</subfield><subfield code="c">Sumner</subfield><subfield code="d">Geuda Springs.</subfield></datafield><datafield ind1=" " ind2=" " tag="752"><subfield code="a">United States</subfield><subfield code="b">Kansas</subfield><subfield code="c">Sedgwick</subfield><subfield code="d">Wichita.</subfield></datafield><datafield ind1="1" ind2=" " tag="029"><subfield code="a">AU@</subfield><subfield code="b">000012363881</subfield></datafield></record>